@book{kak2001principles,
	title={Principles of computerized tomographic imaging},
	author={Kak, Avinash C and Slaney, Malcolm},
	year={2001},
	publisher={SIAM}
}
@article{redcnn,
	author = {Chen, Hu and Zhang, Yi and Kalra, Mannudeep and Lin, Feng and Chen, Yang and Liao, Peixi and Zhou, Jiliu and Wang, Ge},
	year = {2017},
	month = {06},
	pages = {2524-2535},
	title = {Low-Dose CT With a Residual Encoder-Decoder Convolutional Neural Network},
	volume = {36},
	journal = {IEEE Transactions on Medical Imaging},
	doi = {10.1109/TMI.2017.2715284}
}
@article{moen2021low,
	title={Low-dose CT image and projection dataset},
	author={Moen, Taylor R and Chen, Baiyu and Holmes III, David R and Duan, Xinhui and Yu, Zhicong and Yu, Lifeng and Leng, Shuai and Fletcher, Joel G and McCollough, Cynthia H},
	journal={Medical physics},
	volume={48},
	number={2},
	pages={902--911},
	year={2021},
	publisher={Wiley Online Library}
}
@article{2016FBPConvNet,
	title={Deep Convolutional Neural Network for Inverse Problems in Imaging},
	author={ Jin, K. H.  and  Mccann, M. T.  and  Froustey, E.  and  Unser, M. },
	journal={IEEE Transactions on Image Processing},
	volume={PP},
	number={99},
	pages={4509-4522},
	year={2016},
}
@article{2018DDNet,
	author={Zhang, Zhicheng and Liang, Xiaokun and Dong, Xu and Xie, Yaoqin and Cao, Guohua},
	journal={IEEE Transactions on Medical Imaging}, 
	title={A Sparse-View CT Reconstruction Method Based on Combination of DenseNet and Deconvolution}, 
	year={2018},
	volume={37},
	number={6},
	pages={1407-1417},
	doi={10.1109/TMI.2018.2823338}
}
@article{2019DP-ResNet,  
	author={Yin, Xiangrui and Zhao, Qianlong and Liu, Jin and Yang, Wei and Yang, Jian and Quan, Guotao and Chen, Yang and Shu, Huazhong and Luo, Limin and Coatrieux, Jean-Louis},  journal={IEEE Transactions on Medical Imaging},
    title={Domain Progressive 3D Residual Convolution Network to Improve Low-Dose CT Imaging},   
    year={2019},  
    volume={38},  
    number={12},  
    pages={2903-2913},  
    doi={10.1109/TMI.2019.2917258}
}
@article{2020ADAPTIVE,
	title={ADAPTIVE-NET: deep computed tomography reconstruction network with analytical domain transformation knowledge},
	author={ Ge, Y.  and  Su, T.  and  Zhu, J.  and  Deng, X.  and  Zhang, Q.  and  Chen, J.  and  Hu, Z.  and  Zheng, H.  and  Liang, D. },
	journal={Quantitative Imaging in Medicine and Surgery},
	volume={10},
	number={2},
	year={2020},
}
@article{2020An,
	title={An End-to-End Deep Network for Reconstructing CT Images Directly From Sparse Sinograms},
	author={ Wang, W.  and  Xia, X. G.  and  He, C.  and  Ren, Z.  and  Lei, B. },
	journal={IEEE Transactions on Computational Imaging},
	volume={6},
	pages={1548-1560},
	year={2020},
}
@article{2015Unet,
	title={U-Net: Convolutional Networks for Biomedical Image Segmentation},
	author={ Ronneberger, O.  and  Fischer, P.  and  Brox, T. },
	journal={Springer International Publishing},
	year={2015},
}
@article{2016DenseNet,
	title={Densely Connected Convolutional Networks},
	author={ Huang, G.  and  Liu, Z.  and  Laurens, Vdm  and  Weinberger, K. Q. },
	journal={IEEE Computer Society},
	year={2016},
}
@article{liu2021Swin,
	title={Swin Transformer: Hierarchical Vision Transformer using Shifted Windows},
	author={Liu, Ze and Lin, Yutong and Cao, Yue and Hu, Han and Wei, Yixuan and Zhang, Zheng and Lin, Stephen and Guo, Baining},
	journal={International Conference on Computer Vision (ICCV)},
	year={2021}
}
@article{wang2021uformer,
	title={Uformer: A General U-Shaped Transformer for Image Restoration},
	author={Wang, Zhendong and Cun, Xiaodong and Bao, Jianmin and Liu, Jianzhuang},
	journal={arXiv preprint 2106.03106},
	year={2021}
}
@inproceedings{2017Xception,
	title={Xception: Deep Learning with Depthwise Separable Convolutions},
	author={ Chollet, F. },
	booktitle={2017 IEEE Conference on Computer Vision and Pattern Recognition (CVPR)},
	year={2017},
}
@article{hendrycks2016gelu,
	title={Gaussian Error Linear Units (GELUs)},
	author={Hendrycks, Dan and Gimpel, Kevin},
	journal={arXiv preprint arXiv:1606.08415},
	year={2016}
}
@article{2013Rectifier,
	title={Rectifier Nonlinearities Improve Neural Network Acoustic Models},
	author={ Maas, Andrew L  and  Hannun, Awni Y  and  Ng, Andrew Y },
	year={2013},
}
@article{2014Dropout,
	title={Dropout: A Simple Way to Prevent Neural Networks from Overfitting},
	author={ Srivastava, Nitish  and  Hinton, Geoffrey  and  Krizhevsky, Alex  and  Sutskever, Ilya  and  Salakhutdinov, Ruslan },
	journal={Journal of Machine Learning Research},
	volume={15},
	number={1},
	pages={1929-1958},
	year={2014},
}
@article{2017Fast,
	title={Fast and Accurate Image Super-Resolution with Deep Laplacian Pyramid Networks},
	author={ Lai, W. S.  and  Huang, J. B.  and  Ahuja, N.  and  Yang, M. H. },
	journal={IEEE Transactions on Pattern Analysis and Machine Intelligence},
	year={2017},
}
@article{2014Adam,
	title={Adam: A Method for Stochastic Optimization},
	author={ Kingma, D.  and  Ba, J. },
	journal={Computer Science},
	year={2014},
}