@book{kak2001principles,
	title={Principles of computerized tomographic imaging},
	author={Kak, Avinash C and Slaney, Malcolm},
	year={2001},
	publisher={SIAM}
}
@article{redcnn,
	author = {Chen, Hu and Zhang, Yi and Kalra, Mannudeep and Lin, Feng and Chen, Yang and Liao, Peixi and Zhou, Jiliu and Wang, Ge},
	year = {2017},
	month = {06},
	pages = {2524-2535},
	title = {Low-Dose CT With a Residual Encoder-Decoder Convolutional Neural Network},
	volume = {36},
	\textbf{j}ournal = {IEEE Transactions on Medical Imaging},
	doi = {10.1109/TMI.2017.2715284}
}
@article{moen2021low,
	title={Low-dose CT image and projection dataset},
	author={Moen, Taylor R and Chen, Baiyu and Holmes III, David R and Duan, Xinhui and Yu, Zhicong and Yu, Lifeng and Leng, Shuai and Fletcher, Joel G and McCollough, Cynthia H},
	journal={Medical physics},
	volume={48},
	number={2},
	pages={902--911},
	year={2021},
	publisher={Wiley Online Library}
}
@article{2016FBPConvNet,
	title={Deep Convolutional Neural Network for Inverse Problems in Imaging},
	author={ Jin, K. H.  and  Mccann, M. T.  and  Froustey, E.  and  Unser, M. },
	journal={IEEE Transactions on Image Processing},
	volume={PP},
	number={99},
	pages={4509-4522},
	year={2016},
}
@ARTICLE{8332971,
	author={Kang, Eunhee and Chang, Won and Yoo, Jaejun and Ye, Jong Chul},
	journal={IEEE Transactions on Medical Imaging}, 
	title={Deep Convolutional Framelet Denosing for Low-Dose CT via Wavelet Residual Network}, 
	year={2018},
	volume={37},
	number={6},
	pages={1358-1369},
	doi={10.1109/TMI.2018.2823756}
}

@article{2018DDNet,
	author={Zhang, Zhicheng and Liang, Xiaokun and Dong, Xu and Xie, Yaoqin and Cao, Guohua},
	journal={IEEE Transactions on Medical Imaging}, 
	title={A Sparse-View CT Reconstruction Method Based on Combination of DenseNet and Deconvolution}, 
	year={2018},
	volume={37},
	number={6},
	pages={1407-1417},
	doi={10.1109/TMI.2018.2823338}
}
@article{2018Low,
	title={Low-Dose CT Image Denoising Using a Generative Adversarial Network With Wasserstein Distance and Perceptual Loss},
	author={ Yang, Q.  and  Yan, P.  and  Zhang, Y.  and  Yu, H.  and  Shi, Y.  and  Mou, X.  and  Kalra, M. K.  and  Zhang, Y.  and  Sun, L.  and  Wang, G. },
	journal={IEEE Transactions on Medical Imaging},
	pages={1348-1357},
	year={2018},
}
@article{2019DP-ResNet,  
	author={Yin, Xiangrui and Zhao, Qianlong and Liu, Jin and Yang, Wei and Yang, Jian and Quan, Guotao and Chen, Yang and Shu, Huazhong and Luo, Limin and Coatrieux, Jean-Louis},  journal={IEEE Transactions on Medical Imaging},
    title={Domain Progressive 3D Residual Convolution Network to Improve Low-Dose CT Imaging},   
    year={2019},  
    volume={38},  
    number={12},  
    pages={2903-2913},  
    doi={10.1109/TMI.2019.2917258}
}
@article{2020ADAPTIVE,
	title={ADAPTIVE-NET: deep computed tomography reconstruction network with analytical domain transformation knowledge},
	author={ Ge, Y.  and  Su, T.  and  Zhu, J.  and  Deng, X.  and  Zhang, Q.  and  Chen, J.  and  Hu, Z.  and  Zheng, H.  and  Liang, D. },
	journal={Quantitative Imaging in Medicine and Surgery},
	volume={10},
	number={2},
	year={2020},
}
@article{2020An,
	title={An End-to-End Deep Network for Reconstructing CT Images Directly From Sparse Sinograms},
	author={ Wang, W.  and  Xia, X. G.  and  He, C.  and  Ren, Z.  and  Lei, B. },
	journal={IEEE Transactions on Computational Imaging},
	volume={6},
	pages={1548-1560},
	year={2020},
}
@article{2015Unet,
	title={U-Net: Convolutional Networks for Biomedical Image Segmentation},
	author={ Ronneberger, O.  and  Fischer, P.  and  Brox, T. },
	journal={Springer International Publishing},
	year={2015},
}
@article{2016DenseNet,
	title={Densely Connected Convolutional Networks},
	author={ Huang, G.  and  Liu, Z.  and  Laurens, Vdm  and  Weinberger, K. Q. },
	journal={IEEE Computer Society},
	year={2016},
}
@article{liu2021Swin,
	title={Swin Transformer: Hierarchical Vision Transformer using Shifted Windows},
	author={Liu, Ze and Lin, Yutong and Cao, Yue and Hu, Han and Wei, Yixuan and Zhang, Zheng and Lin, Stephen and Guo, Baining},
	journal={International Conference on Computer Vision (ICCV)},
	year={2021}
}
@article{wang2021uformer,
	title={Uformer: A General U-Shaped Transformer for Image Restoration},
	author={Wang, Zhendong and Cun, Xiaodong and Bao, Jianmin and Liu, Jianzhuang},
	journal={arXiv preprint 2106.03106},
	year={2021}
}
@inproceedings{2017Xception,
	title={Xception: Deep Learning with Depthwise Separable Convolutions},
	author={ Chollet, F. },
	booktitle={2017 IEEE Conference on Computer Vision and Pattern Recognition (CVPR)},
	year={2017},
}
@article{hendrycks2016gelu,
	title={Gaussian Error Linear Units (GELUs)},
	author={Hendrycks, Dan and Gimpel, Kevin},
	journal={arXiv preprint arXiv:1606.08415},
	year={2016}
}
@article{2013Rectifier,
	title={Rectifier Nonlinearities Improve Neural Network Acoustic Models},
	author={ Maas, Andrew L  and  Hannun, Awni Y  and  Ng, Andrew Y },
	year={2013},
}
@article{2014Dropout,
	title={Dropout: A Simple Way to Prevent Neural Networks from Overfitting},
	author={ Srivastava, Nitish  and  Hinton, Geoffrey  and  Krizhevsky, Alex  and  Sutskever, Ilya  and  Salakhutdinov, Ruslan },
	journal={Journal of Machine Learning Research},
	volume={15},
	number={1},
	pages={1929-1958},
	year={2014},
}
@article{2017Fast,
	title={Fast and Accurate Image Super-Resolution with Deep Laplacian Pyramid Networks},
	author={ Lai, W. S.  and  Huang, J. B.  and  Ahuja, N.  and  Yang, M. H. },
	journal={IEEE Transactions on Pattern Analysis and Machine Intelligence},
	year={2017},
}
@article{2014Adam,
	title={Adam: A Method for Stochastic Optimization},
	author={ Kingma, D.  and  Ba, J. },
	journal={Computer Science},
	year={2014},
}
@article{2018Deep,
	title={Deep Learning and Medical Diagnosis: A Review of Literature},
	author={ Bakator, Mihalj  and  Radosav, Dragica },
	journal={Multimodal Technologies and Interaction},
	volume={2},
	number={3},
	year={2018},
}
@article{2012Hall,
	title={Hall EJ, Brenner DJCancer risks from diagnostic radiology: the impact of new epidemiological data. Br J Radiol 85(1020): e1316-e1317},
	author={ Hall, E J  and  Brenner, D J },
	journal={The British journal of radiology},
	volume={85},
	number={1020},
	pages={e1316-7},
	year={2012},
}
@article{1989Incomplete,
	title={Incomplete data problems in X-ray computerized tomography},
	author={ Louis, Alfred K.  and  Rieder, Andreas },
	journal={Numerische Mathematik},
	volume={56},
	number={4},
	pages={371-383},
	year={1989},
}
@article{2012Ray,
	title={Ray Contribution Masks for Structure Adaptive Sinogram Filtering},
	author={ Balda, M.  and  Hornegger, J.  and  Heismann, B. },
	journal={IEEE Transactions on Medical Imaging},
	volume={31},
	number={6},
	pages={1228-1239},
	year={2012},
}
@article{2014Dictionary,
	title={Dictionary learning based sinogram inpainting for CT sparse reconstruction},
	author={ Li, S.  and  Cao, Q.  and  Chen, Y.  and  Hu, Y.  and  Luo, L.  and  Toumoulin, C. },
	journal={Optik - International Journal for Light and Electron Optics},
	volume={125},
	number={12},
	pages={2862-2867},
	year={2014},
}
@article{2004Nonlinear,
	title={Nonlinear sinogram smoothing for low-dose X-ray CT},
	author={ Li, T.  and  Xiang, L.  and  Jing, W.  and  Wen, J.  and  Lu, H.  and  Jiang, H.  and  Liang, Z. },
	journal={Nuclear Science IEEE Transactions on},
	volume={51},
	number={5},
	pages={2505-2513},
	year={2004},
}
@article{2006Robust,
	title={Robust uncertainty principles: exact signal reconstruction from highly incomplete frequency information},
	author={ Candes, E. J  and  Romberg, J  and  Tao, T },
	journal={IEEE Transactions on Information Theory},
	volume={52},
	number={2},
	pages={489-509},
	year={2006},
}
@article{2006Donoho,
	title={Donoho. Compressed sensing},
	author={ David, L. },
	journal={IEEE Transactions on Information Theory},
	volume={52},
	number={4},
	pages={1289-1306},
	year={2006},
}
@article{2008Image,
	title={Image reconstruction in circular cone-beam computed tomography by constrained, total-variation minimization},
	author={ Sidky, E. Y.  and  Pan, X. },
	journal={Physics in Medicine \& Biology},
	volume={53},
	number={17},
	pages={4777},
	year={2008},
}
@article{2009Bayesian,
	title={Bayesian statistical reconstruction for low-dose X-ray computed tomography using an adaptive-weighting nonlocal prior},
	author={ Yang, C.  and  Gao, D.  and  Cong, N.  and  Luo, L.  and  Chen, W.  and  Yin, X.  and  Lin, Y. },
	journal={Computerized Medical Imaging \& Graphics},
	volume={33},
	number={7},
	pages={495-500},
	year={2009},
}
@article{2011Multi,
	title={Multi-energy CT based on a prior rank, intensity and sparsity model (PRISM)},
	author={ Gao, H.  and  Yu, H.  and  Osher, S.  and  Wang, G. },
	journal={Inverse Problems},
	volume={27},
	number={11},
	pages={115012-115033(22)},
	year={2011},
}
@article{2012Low,
	title={Low-Dose X-ray CT Reconstruction via Dictionary Learning},
	author={ Xu, Q.  and  Yu, H. Y.  and  Mou, X. Q.  and  Zhang, L.  and  Hsieh, J.  and  Wang, G. },
	journal={IEEE Transactions on Medical Imaging},
	year={2012},
}

@article{2014Cine,
	title={Cine cone beam CT reconstruction using low-rank matrix factorization: algorithm and a proof-of-princple study},
	author={ Cai, J. F.  and  Jia, X.  and  Gao, H.  and  Jiang, S. B.  and  Shen, Z.  and  Zhao, H. },
	journal={IEEE Trans Med Imaging},
	volume={33},
	number={8},
	pages={1581-1591},
	year={2014},
}
@article{2014Sparse,
	title={Sparse-view x-ray CT reconstruction via total generalized variation regularization},
	author={ Niu, S.  and  Gao, Y.  and  Bian, Z.  and  Huang, J.  and  Chen, W.  and  Yu, G.  and  Liang, Z.  and  Ma, J. },
	journal={Physics in Medicine and Biology},
	volume={59},
	number={12},
	pages={2997},
	year={2014},
}
@article{2016Statistical,
	title={Statistical iterative reconstruction using adaptive fractional order regularization},
	author={ Zhang, Y.  and  Wang, Y.  and  Zhang, W.  and  Lin, F.  and  Pu, Y.  and  Zhou, J. },
	journal={Biomedical Optics Express},
	volume={7},
	number={3},
	pages={1015-1029},
	year={2016},
}
@article{2013Few,
	title={Few‐view image reconstruction combining total variation and a high‐order norm},
	author={ Zhang, Yi  and  Zhang, Wei Hua  and  Chen, Hu  and  Yang, Meng Long  and  Li, Tai Yong  and  Zhou, Ji Liu },
	journal={International Journal of Imaging Systems and Technology},
	volume={23},
	number={3},
	pages={249-255},
	year={2013},
}
@article{2017Generative,
	title={Generative Adversarial Networks for Noise Reduction in Low-Dose CT},
	author={ Wolterink, Jelmer M.  and  Leiner, Tim  and  Viergever, Max A.  and Ivana Išgum},
	journal={IEEE Transactions on Medical Imaging},
	volume={36},
	number={12},
	pages={2536-2545},
	year={2017},
}
@article{2018LEARN,
	title={LEARN: Learned Experts' Assessment-based Reconstruction Network for Sparse-data CT},
	author={ Chen, Hu  and  Zhang, Yi  and  Chen, Yunjin  and  Zhang, Junfeng  and  Zhang, Weihua  and  Sun, Huaiqiang  and  Lv, Yang  and  Liao, Peixi  and  Zhou, Jiliu  and  Wang, Ge },
	journal={IEEE Transactions on Medical Imaging},
	volume={PP},
	number={99},
	pages={1-1},
	year={2018},
}
@article{2019Convolutional,
	title={Convolutional Sparse Coding for Compressed Sensing CT Reconstruction},
	author={ Bao, P. and Xia, W. and Yang, K. and Chen, W. and Chen, M. and Xi, Y. and Niu, S. and J, Zhou. and Zhang,H. and Sun,H.},
	journal={IEEE Transactions on Medical Imaging},
	pages={1-1},
	year={2019},
}
@article{vaswani2017attention,
	title={Attention is all you need},
	author={Vaswani, Ashish and Shazeer, Noam and Parmar, Niki and Uszkoreit, Jakob and Jones, Llion and Gomez, Aidan N and Kaiser, {\L}ukasz and Polosukhin, Illia},
	journal={Advances in neural information processing systems},
	volume={30},
	year={2017}
}
@article{dosovitskiy2020vit,
	title={An Image is Worth 16x16 Words: Transformers for Image Recognition at Scale},
	author={Dosovitskiy, Alexey and Beyer, Lucas and Kolesnikov, Alexander and Weissenborn, Dirk and Zhai, Xiaohua and Unterthiner, Thomas and  Dehghani, Mostafa and Minderer, Matthias and Heigold, Georg and Gelly, Sylvain and Uszkoreit, Jakob and Houlsby, Neil},
	journal={ICLR},
	year={2021}
}
@article{2009ImageNet,
	title={ImageNet : A Large-Scale Hierarchical Image Database},
	author={ Deng, Jia  and  Dong, Wei  and  Socher, Richard  and  Li, Li Jia  and  Li, Kai  and  Dept, Fei Fei },
	journal={Proc. CVPR, 2009},
	year={2009},
}
@inproceedings{chen2021pre,
	title={Pre-trained image processing transformer},
	author={Chen, Hanting and Wang, Yunhe and Guo, Tianyu and Xu, Chang and Deng, Yiping and Liu, Zhenhua and Ma, Siwei and Xu, Chunjing and Xu, Chao and Gao, Wen},
	booktitle={Proceedings of the IEEE/CVF Conference on Computer Vision and Pattern Recognition},
	pages={12299--12310},
	year={2021}
}
@article{2021Eformer,
	title={Eformer: Edge Enhancement based Transformer for Medical Image Denoising},
	author={ Luthra, A.  and  Sulakhe, H.  and  Mittal, T.  and  Iyer, A.  and  Yadav, S. },
	journal={arXiv e-prints},
	year={2021},
}
@article{ba2016layer,
	title={Layer normalization},
	author={Ba, Jimmy Lei and Kiros, Jamie Ryan and Hinton, Geoffrey E},
	journal={arXiv preprint arXiv:1607.06450},
	year={2016}
}
@article{torch_radon,
	Author = {Matteo Ronchetti},
	Title = {TorchRadon: Fast Differentiable Routines for Computed Tomography},
	Year = {2020},
	Eprint = {arXiv:2009.14788},
	journal={arXiv preprint arXiv:2009.14788},
}
@article{2008psnr,
	title={The Effect of Image Data Compression on the Clinical Information Quality of Compressed Computed Tomography Images for Teleradiology Applications},
	author={ Ghrare, S. E.  and  Ali, Mam  and  Ismail, M. },
	journal={european journal of scientific research},
	year={2008},
}
@article{2004ssim,
	title={Image Quality Assessment : From Error Visibility to Structural Similarity},
	author={ Wang, Z. },
	journal={IEEE Transactions on Image Processing},
	year={2004},
}
@article{mccollough2016tu,
	title={TU-FG-207A-00: Grand Challenges in Medical Imaging and Radiomics},
	author={McCollough, Cynthia and Armato, Samuel},
	journal={Medical Physics},
	volume={43},
	number={6Part35},
	pages={3759--3760},
	year={2016},
	publisher={Wiley Online Library}
}
@article{2006ksvd,
	title={$rm K$-SVD: An Algorithm for Designing Overcomplete Dictionaries for Sparse Representation},
	author={ Aharon, M.  and  Elad, M.  and  Bruckstein, A. },
	journal={IEEE Transactions on Signal Processing},
	volume={54},
	pages={4311-4322},
	year={2006},
}
@inproceedings{2016Sparse,
	title={Sparse-view X-ray spectral CT reconstruction using annihilating filter-based low rank hankel matrix approach},
	author={ Han, Y. S.  and  Jin, K. H.  and  Kim, K.  and  Ye, J. C. },
	booktitle={IEEE International Symposium on Biomedical Imaging},
	year={2016},
}