% Encoding: UTF-8

@ARTICLE{7947200,
	
	author={Chen, Hu and Zhang, Yi and Kalra, Mannudeep K. and Lin, Feng and Chen, Yang and Liao, Peixi and Zhou, Jiliu and Wang, Ge},
	
	journal={IEEE Transactions on Medical Imaging}, 
	
	title={Low-Dose CT With a Residual Encoder-Decoder Convolutional Neural Network}, 
	
	year={2017},
	
	volume={36},
	
	number={12},
	
	pages={2524-2535},
	
	doi={10.1109/TMI.2017.2715284}}

@Comment{jabref-meta: databaseType:bibtex;}
